  @Manual{cleanR,
      title = {cleanR: A Suite of Checks for Identification of Potential Errors in a Data Frame
      as Part of the Data Cleaning Process},
          author = {Anne H. Petersen and Claus Thorn Ekstr√∏m},
	      year = {2016},
	          note = {R package version 0.6.2},
		    }
  @Manual{rmarkdown,
      title = {rmarkdown: Dynamic Documents for R},
          author = {JJ Allaire and Joe Cheng and Yihui Xie and Jonathan McPherson and Winston Chang and Jeff Allen and Hadley Wickham and Aron Atkins and Rob Hyndman},
	      note = {R package version 1.3},
	      year = 2016,
	          url = {http://rmarkdown.rstudio.com},
		    }
  @Book{ggplot2,
      author = {Hadley Wickham},
          title = {ggplot2: Elegant Graphics for Data Analysis},
	      publisher = {Springer-Verlag New York},
	          year = {2009},
		      isbn = {978-0-387-98140-6},
		          url = {http://ggplot2.org},
			    }
  @Article{plyr,
      title = {The Split-Apply-Combine Strategy for Data Analysis},
          author = {Hadley Wickham},
	      journal = {Journal of Statistical Software},
	          year = {2011},
		      volume = {40},
		          number = {1},
			      pages = {1--29},
			          url = {http://www.jstatsoft.org/v40/i01/},
				    }
  @Manual{data.table,
      title = {data.table: Extension of Data.frame},
          author = {M Dowle and A Srinivasan and T Short and S Lianoglou with contributions from R Saporta and E Antonyan},
	      year = {2016},
	          note = {R package version 1.9.8},
		      url = {https://CRAN.R-project.org/package=data.table},
		        }
  @Manual{validate,
      title = {validate: Data Validation Infrastructure},
          author = {Mark {van der Loo} and Edwin {de Jonge}},
	      year = {2016},
	          note = {R package version 0.1.5},
		      url = {https://CRAN.R-project.org/package=validate},
		        }
  @Manual{editrules,
      title = {editrules: Parsing, Applying, and Manipulating Data Cleaning Rules},
          author = {Edwin {de Jonge} and Mark {van der Loo}},
	      year = {2015},
	          note = {R package version 2.9.0},
		      url = {https://CRAN.R-project.org/package=editrules},
		        }
  @Manual{janitor,
      title = {janitor: Simple Tools for Examining and Cleaning Dirty Data},
          author = {Sam Firke},
	      year = {2016},
	          note = {R package version 0.2.1},
		      url = {https://CRAN.R-project.org/package=janitor},
		        }

  @Manual{DataCombine,
      title = {DataCombine: Tools for Easily Combining and Cleaning Data Sets},
          author = {Christopher Gandrud},
	      year = {2016},
	          note = {R package version 0.2.21},
		      url = {https://CRAN.R-project.org/package=DataCombine},
		        }

  @Manual{shiny,
      title = {shiny: Web Application Framework for R},
          author = {Winston Chang and Joe Cheng and JJ Allaire and Yihui Xie and Jonathan McPherson},
	      year = {2016},
	          note = {R package version 0.13.2},
		      url = {https://CRAN.R-project.org/package=shiny},
		        }

  @Manual{txtplot,
      title = {txtplot: Text based plots},
          author = {Bjoern Bornkamp},
	      year = {2012},
	          note = {R package version 1.0-3},
		      url = {https://CRAN.R-project.org/package=txtplot},
		        }

@Manual{R,
    title = {R: A Language and Environment for Statistical Computing},
        author = {{R Core Team}},
	    organization = {R Foundation for Statistical Computing},
	        address = {Vienna, Austria},
		    year = {2016},
		        url = {https://www.R-project.org/},
			  }

